@online{nodes,
	author = "Daniel Baek",
	title = "WE TAKE PRIDE IN AWESOME MOBILE APP DEVELOPMENT",
	howpublished = {\url{http://www.nodesagency.com/}},
	note = {Accessed: 2016-03-09}	
}

@online{javafx,
    author = "Monica Pawlan",
    title = "What Is JavaFX?",
	howpublished = {\url{http://docs.oracle.com/javafx/2/overview/jfxpub-overview.htm}},
	note = {Accessed: 2016-03-10}			
}
 
@online{opencv,
	author =  "opencv dev team",
	title = "Face Recognition with OpenCV",
	howpublished = {\url{http://docs.opencv.org/2.4/modules/contrib/doc/facerec/facerec_tutorial.html}},
	note = {Accessed: 2016-03-10}
}